%YAML 1.1
%TAG !u! tag:unity3d.com,2011:
--- !u!1 &110564073099989839
GameObject:
  m_ObjectHideFlags: 0
  m_CorrespondingSourceObject: {fileID: 0}
  m_PrefabInstance: {fileID: 0}
  m_PrefabAsset: {fileID: 0}
  serializedVersion: 6
  m_Component:
  - component: {fileID: 1852812064380711748}
  - component: {fileID: 4890009684508917561}
  m_Layer: 0
  m_Name: Point Light
  m_TagString: Untagged
  m_Icon: {fileID: 0}
  m_NavMeshLayer: 0
  m_StaticEditorFlags: 0
  m_IsActive: 1
--- !u!4 &1852812064380711748
Transform:
  m_ObjectHideFlags: 0
  m_CorrespondingSourceObject: {fileID: 0}
  m_PrefabInstance: {fileID: 0}
  m_PrefabAsset: {fileID: 0}
  m_GameObject: {fileID: 110564073099989839}
  m_LocalRotation: {x: -0, y: -0, z: -0, w: 1}
  m_LocalPosition: {x: 18.18, y: 5.17, z: -14.5}
  m_LocalScale: {x: 1, y: 1, z: 1}
  m_Children: []
  m_Father: {fileID: 1808911197614068951}
  m_RootOrder: 5
  m_LocalEulerAnglesHint: {x: 0, y: 0, z: 0}
--- !u!108 &4890009684508917561
Light:
  m_ObjectHideFlags: 0
  m_CorrespondingSourceObject: {fileID: 0}
  m_PrefabInstance: {fileID: 0}
  m_PrefabAsset: {fileID: 0}
  m_GameObject: {fileID: 110564073099989839}
  m_Enabled: 1
  serializedVersion: 10
  m_Type: 2
  m_Shape: 0
  m_Color: {r: 1, g: 0.95686275, b: 0.8392157, a: 1}
  m_Intensity: 10
  m_Range: 15
  m_SpotAngle: 30
  m_InnerSpotAngle: 21.80208
  m_CookieSize: 10
  m_Shadows:
    m_Type: 2
    m_Resolution: -1
    m_CustomResolution: -1
    m_Strength: 1
    m_Bias: 0.02
    m_NormalBias: 0.1
    m_NearPlane: 0.1
    m_CullingMatrixOverride:
      e00: 1
      e01: 0
      e02: 0
      e03: 0
      e10: 0
      e11: 1
      e12: 0
      e13: 0
      e20: 0
      e21: 0
      e22: 1
      e23: 0
      e30: 0
      e31: 0
      e32: 0
      e33: 1
    m_UseCullingMatrixOverride: 0
  m_Cookie: {fileID: 0}
  m_DrawHalo: 0
  m_Flare: {fileID: 0}
  m_RenderMode: 1
  m_CullingMask:
    serializedVersion: 2
    m_Bits: 4294967295
  m_RenderingLayerMask: 1
  m_Lightmapping: 2
  m_LightShadowCasterMode: 0
  m_AreaSize: {x: 1, y: 1}
  m_BounceIntensity: 1
  m_ColorTemperature: 6570
  m_UseColorTemperature: 0
  m_BoundingSphereOverride: {x: 0, y: 0, z: 0, w: 0}
  m_UseBoundingSphereOverride: 0
  m_ShadowRadius: 0
  m_ShadowAngle: 0
--- !u!1 &831258485620439732
GameObject:
  m_ObjectHideFlags: 0
  m_CorrespondingSourceObject: {fileID: 0}
  m_PrefabInstance: {fileID: 0}
  m_PrefabAsset: {fileID: 0}
  serializedVersion: 6
  m_Component:
  - component: {fileID: 4317889503470388319}
  - component: {fileID: 1386959022116144616}
  m_Layer: 0
  m_Name: Point Light (4)
  m_TagString: Untagged
  m_Icon: {fileID: 0}
  m_NavMeshLayer: 0
  m_StaticEditorFlags: 0
  m_IsActive: 1
--- !u!4 &4317889503470388319
Transform:
  m_ObjectHideFlags: 0
  m_CorrespondingSourceObject: {fileID: 0}
  m_PrefabInstance: {fileID: 0}
  m_PrefabAsset: {fileID: 0}
  m_GameObject: {fileID: 831258485620439732}
  m_LocalRotation: {x: -0, y: -0, z: -0, w: 1}
  m_LocalPosition: {x: 1.9, y: 5.17, z: 15.5}
  m_LocalScale: {x: 1, y: 1, z: 1}
  m_Children: []
  m_Father: {fileID: 1808911197614068951}
  m_RootOrder: 9
  m_LocalEulerAnglesHint: {x: 0, y: 0, z: 0}
--- !u!108 &1386959022116144616
Light:
  m_ObjectHideFlags: 0
  m_CorrespondingSourceObject: {fileID: 0}
  m_PrefabInstance: {fileID: 0}
  m_PrefabAsset: {fileID: 0}
  m_GameObject: {fileID: 831258485620439732}
  m_Enabled: 1
  serializedVersion: 10
  m_Type: 2
  m_Shape: 0
  m_Color: {r: 1, g: 0.95686275, b: 0.8392157, a: 1}
  m_Intensity: 25
  m_Range: 15
  m_SpotAngle: 30
  m_InnerSpotAngle: 21.80208
  m_CookieSize: 10
  m_Shadows:
    m_Type: 2
    m_Resolution: -1
    m_CustomResolution: -1
    m_Strength: 1
    m_Bias: 0.02
    m_NormalBias: 0.1
    m_NearPlane: 0.1
    m_CullingMatrixOverride:
      e00: 1
      e01: 0
      e02: 0
      e03: 0
      e10: 0
      e11: 1
      e12: 0
      e13: 0
      e20: 0
      e21: 0
      e22: 1
      e23: 0
      e30: 0
      e31: 0
      e32: 0
      e33: 1
    m_UseCullingMatrixOverride: 0
  m_Cookie: {fileID: 0}
  m_DrawHalo: 0
  m_Flare: {fileID: 0}
  m_RenderMode: 1
  m_CullingMask:
    serializedVersion: 2
    m_Bits: 4294967295
  m_RenderingLayerMask: 1
  m_Lightmapping: 2
  m_LightShadowCasterMode: 0
  m_AreaSize: {x: 1, y: 1}
  m_BounceIntensity: 1
  m_ColorTemperature: 6570
  m_UseColorTemperature: 0
  m_BoundingSphereOverride: {x: 0, y: 0, z: 0, w: 0}
  m_UseBoundingSphereOverride: 0
  m_ShadowRadius: 0
  m_ShadowAngle: 0
--- !u!1 &976491924998717046
GameObject:
  m_ObjectHideFlags: 0
  m_CorrespondingSourceObject: {fileID: 0}
  m_PrefabInstance: {fileID: 0}
  m_PrefabAsset: {fileID: 0}
  serializedVersion: 6
  m_Component:
  - component: {fileID: 6500802256508191016}
  - component: {fileID: 4774487673020633934}
  m_Layer: 0
  m_Name: Point Light (6)
  m_TagString: Untagged
  m_Icon: {fileID: 0}
  m_NavMeshLayer: 0
  m_StaticEditorFlags: 0
  m_IsActive: 1
--- !u!4 &6500802256508191016
Transform:
  m_ObjectHideFlags: 0
  m_CorrespondingSourceObject: {fileID: 0}
  m_PrefabInstance: {fileID: 0}
  m_PrefabAsset: {fileID: 0}
  m_GameObject: {fileID: 976491924998717046}
  m_LocalRotation: {x: -0, y: -0, z: -0, w: 1}
  m_LocalPosition: {x: 4.9, y: 15.8, z: -1.6}
  m_LocalScale: {x: 1, y: 1, z: 1}
  m_Children: []
  m_Father: {fileID: 1808911197614068951}
  m_RootOrder: 11
  m_LocalEulerAnglesHint: {x: 0, y: 0, z: 0}
--- !u!108 &4774487673020633934
Light:
  m_ObjectHideFlags: 0
  m_CorrespondingSourceObject: {fileID: 0}
  m_PrefabInstance: {fileID: 0}
  m_PrefabAsset: {fileID: 0}
  m_GameObject: {fileID: 976491924998717046}
  m_Enabled: 1
  serializedVersion: 10
  m_Type: 2
  m_Shape: 0
  m_Color: {r: 0, g: 0.6415094, b: 0.03979395, a: 1}
  m_Intensity: 25
  m_Range: 45
  m_SpotAngle: 30
  m_InnerSpotAngle: 21.80208
  m_CookieSize: 10
  m_Shadows:
    m_Type: 2
    m_Resolution: -1
    m_CustomResolution: -1
    m_Strength: 1
    m_Bias: 0.02
    m_NormalBias: 0.1
    m_NearPlane: 0.1
    m_CullingMatrixOverride:
      e00: 1
      e01: 0
      e02: 0
      e03: 0
      e10: 0
      e11: 1
      e12: 0
      e13: 0
      e20: 0
      e21: 0
      e22: 1
      e23: 0
      e30: 0
      e31: 0
      e32: 0
      e33: 1
    m_UseCullingMatrixOverride: 0
  m_Cookie: {fileID: 0}
  m_DrawHalo: 0
  m_Flare: {fileID: 0}
  m_RenderMode: 1
  m_CullingMask:
    serializedVersion: 2
    m_Bits: 4294967295
  m_RenderingLayerMask: 1
  m_Lightmapping: 2
  m_LightShadowCasterMode: 0
  m_AreaSize: {x: 1, y: 1}
  m_BounceIntensity: 1
  m_ColorTemperature: 6570
  m_UseColorTemperature: 0
  m_BoundingSphereOverride: {x: 0, y: 0, z: 0, w: 0}
  m_UseBoundingSphereOverride: 0
  m_ShadowRadius: 0
  m_ShadowAngle: 0
--- !u!1 &2712112467059620348
GameObject:
  m_ObjectHideFlags: 0
  m_CorrespondingSourceObject: {fileID: 0}
  m_PrefabInstance: {fileID: 0}
  m_PrefabAsset: {fileID: 0}
  serializedVersion: 6
  m_Component:
  - component: {fileID: 8104748998917336973}
  - component: {fileID: 3272096166480461480}
  m_Layer: 0
  m_Name: Point Light (5)
  m_TagString: Untagged
  m_Icon: {fileID: 0}
  m_NavMeshLayer: 0
  m_StaticEditorFlags: 0
  m_IsActive: 1
--- !u!4 &8104748998917336973
Transform:
  m_ObjectHideFlags: 0
  m_CorrespondingSourceObject: {fileID: 0}
  m_PrefabInstance: {fileID: 0}
  m_PrefabAsset: {fileID: 0}
  m_GameObject: {fileID: 2712112467059620348}
  m_LocalRotation: {x: -0, y: -0, z: -0, w: 1}
  m_LocalPosition: {x: 21.5, y: 5.17, z: 17.1}
  m_LocalScale: {x: 1, y: 1, z: 1}
  m_Children: []
  m_Father: {fileID: 1808911197614068951}
  m_RootOrder: 10
  m_LocalEulerAnglesHint: {x: 0, y: 0, z: 0}
--- !u!108 &3272096166480461480
Light:
  m_ObjectHideFlags: 0
  m_CorrespondingSourceObject: {fileID: 0}
  m_PrefabInstance: {fileID: 0}
  m_PrefabAsset: {fileID: 0}
  m_GameObject: {fileID: 2712112467059620348}
  m_Enabled: 1
  serializedVersion: 10
  m_Type: 2
  m_Shape: 0
  m_Color: {r: 1, g: 0.95686275, b: 0.8392157, a: 1}
  m_Intensity: 25
  m_Range: 15
  m_SpotAngle: 30
  m_InnerSpotAngle: 21.80208
  m_CookieSize: 10
  m_Shadows:
    m_Type: 2
    m_Resolution: -1
    m_CustomResolution: -1
    m_Strength: 1
    m_Bias: 0.02
    m_NormalBias: 0.1
    m_NearPlane: 0.1
    m_CullingMatrixOverride:
      e00: 1
      e01: 0
      e02: 0
      e03: 0
      e10: 0
      e11: 1
      e12: 0
      e13: 0
      e20: 0
      e21: 0
      e22: 1
      e23: 0
      e30: 0
      e31: 0
      e32: 0
      e33: 1
    m_UseCullingMatrixOverride: 0
  m_Cookie: {fileID: 0}
  m_DrawHalo: 0
  m_Flare: {fileID: 0}
  m_RenderMode: 1
  m_CullingMask:
    serializedVersion: 2
    m_Bits: 4294967295
  m_RenderingLayerMask: 1
  m_Lightmapping: 2
  m_LightShadowCasterMode: 0
  m_AreaSize: {x: 1, y: 1}
  m_BounceIntensity: 1
  m_ColorTemperature: 6570
  m_UseColorTemperature: 0
  m_BoundingSphereOverride: {x: 0, y: 0, z: 0, w: 0}
  m_UseBoundingSphereOverride: 0
  m_ShadowRadius: 0
  m_ShadowAngle: 0
--- !u!1 &2855488741722797946
GameObject:
  m_ObjectHideFlags: 0
  m_CorrespondingSourceObject: {fileID: 0}
  m_PrefabInstance: {fileID: 0}
  m_PrefabAsset: {fileID: 0}
  serializedVersion: 6
  m_Component:
  - component: {fileID: 2695796830084711247}
  - component: {fileID: 4147547420668220491}
  m_Layer: 0
  m_Name: Point Light (3)
  m_TagString: Untagged
  m_Icon: {fileID: 0}
  m_NavMeshLayer: 0
  m_StaticEditorFlags: 0
  m_IsActive: 1
--- !u!4 &2695796830084711247
Transform:
  m_ObjectHideFlags: 0
  m_CorrespondingSourceObject: {fileID: 0}
  m_PrefabInstance: {fileID: 0}
  m_PrefabAsset: {fileID: 0}
  m_GameObject: {fileID: 2855488741722797946}
  m_LocalRotation: {x: -0, y: -0, z: -0, w: 1}
  m_LocalPosition: {x: -29.7, y: 5.17, z: -5.3}
  m_LocalScale: {x: 1, y: 1, z: 1}
  m_Children: []
  m_Father: {fileID: 1808911197614068951}
  m_RootOrder: 8
  m_LocalEulerAnglesHint: {x: 0, y: 0, z: 0}
--- !u!108 &4147547420668220491
Light:
  m_ObjectHideFlags: 0
  m_CorrespondingSourceObject: {fileID: 0}
  m_PrefabInstance: {fileID: 0}
  m_PrefabAsset: {fileID: 0}
  m_GameObject: {fileID: 2855488741722797946}
  m_Enabled: 1
  serializedVersion: 10
  m_Type: 2
  m_Shape: 0
  m_Color: {r: 1, g: 0.95686275, b: 0.8392157, a: 1}
  m_Intensity: 25
  m_Range: 15
  m_SpotAngle: 30
  m_InnerSpotAngle: 21.80208
  m_CookieSize: 10
  m_Shadows:
    m_Type: 2
    m_Resolution: -1
    m_CustomResolution: -1
    m_Strength: 1
    m_Bias: 0.02
    m_NormalBias: 0.1
    m_NearPlane: 0.1
    m_CullingMatrixOverride:
      e00: 1
      e01: 0
      e02: 0
      e03: 0
      e10: 0
      e11: 1
      e12: 0
      e13: 0
      e20: 0
      e21: 0
      e22: 1
      e23: 0
      e30: 0
      e31: 0
      e32: 0
      e33: 1
    m_UseCullingMatrixOverride: 0
  m_Cookie: {fileID: 0}
  m_DrawHalo: 0
  m_Flare: {fileID: 0}
  m_RenderMode: 1
  m_CullingMask:
    serializedVersion: 2
    m_Bits: 4294967295
  m_RenderingLayerMask: 1
  m_Lightmapping: 2
  m_LightShadowCasterMode: 0
  m_AreaSize: {x: 1, y: 1}
  m_BounceIntensity: 1
  m_ColorTemperature: 6570
  m_UseColorTemperature: 0
  m_BoundingSphereOverride: {x: 0, y: 0, z: 0, w: 0}
  m_UseBoundingSphereOverride: 0
  m_ShadowRadius: 0
  m_ShadowAngle: 0
--- !u!1 &3489216277450397615
GameObject:
  m_ObjectHideFlags: 0
  m_CorrespondingSourceObject: {fileID: 0}
  m_PrefabInstance: {fileID: 0}
  m_PrefabAsset: {fileID: 0}
  serializedVersion: 6
  m_Component:
  - component: {fileID: 7257142380214494134}
  - component: {fileID: 2944978903290322030}
  m_Layer: 0
  m_Name: Point Light (2)
  m_TagString: Untagged
  m_Icon: {fileID: 0}
  m_NavMeshLayer: 0
  m_StaticEditorFlags: 0
  m_IsActive: 1
--- !u!4 &7257142380214494134
Transform:
  m_ObjectHideFlags: 0
  m_CorrespondingSourceObject: {fileID: 0}
  m_PrefabInstance: {fileID: 0}
  m_PrefabAsset: {fileID: 0}
  m_GameObject: {fileID: 3489216277450397615}
  m_LocalRotation: {x: -0, y: -0, z: -0, w: 1}
  m_LocalPosition: {x: -11.42, y: 5.17, z: -34.23}
  m_LocalScale: {x: 1, y: 1, z: 1}
  m_Children: []
  m_Father: {fileID: 1808911197614068951}
  m_RootOrder: 7
  m_LocalEulerAnglesHint: {x: 0, y: 0, z: 0}
--- !u!108 &2944978903290322030
Light:
  m_ObjectHideFlags: 0
  m_CorrespondingSourceObject: {fileID: 0}
  m_PrefabInstance: {fileID: 0}
  m_PrefabAsset: {fileID: 0}
  m_GameObject: {fileID: 3489216277450397615}
  m_Enabled: 1
  serializedVersion: 10
  m_Type: 2
  m_Shape: 0
  m_Color: {r: 1, g: 0.95686275, b: 0.8392157, a: 1}
  m_Intensity: 25
  m_Range: 15
  m_SpotAngle: 30
  m_InnerSpotAngle: 21.80208
  m_CookieSize: 10
  m_Shadows:
    m_Type: 2
    m_Resolution: -1
    m_CustomResolution: -1
    m_Strength: 1
    m_Bias: 0.02
    m_NormalBias: 0.1
    m_NearPlane: 0.1
    m_CullingMatrixOverride:
      e00: 1
      e01: 0
      e02: 0
      e03: 0
      e10: 0
      e11: 1
      e12: 0
      e13: 0
      e20: 0
      e21: 0
      e22: 1
      e23: 0
      e30: 0
      e31: 0
      e32: 0
      e33: 1
    m_UseCullingMatrixOverride: 0
  m_Cookie: {fileID: 0}
  m_DrawHalo: 0
  m_Flare: {fileID: 0}
  m_RenderMode: 1
  m_CullingMask:
    serializedVersion: 2
    m_Bits: 4294967295
  m_RenderingLayerMask: 1
  m_Lightmapping: 2
  m_LightShadowCasterMode: 0
  m_AreaSize: {x: 1, y: 1}
  m_BounceIntensity: 1
  m_ColorTemperature: 6570
  m_UseColorTemperature: 0
  m_BoundingSphereOverride: {x: 0, y: 0, z: 0, w: 0}
  m_UseBoundingSphereOverride: 0
  m_ShadowRadius: 0
  m_ShadowAngle: 0
--- !u!1 &4950706990021975576
GameObject:
  m_ObjectHideFlags: 0
  m_CorrespondingSourceObject: {fileID: 0}
  m_PrefabInstance: {fileID: 0}
  m_PrefabAsset: {fileID: 0}
  serializedVersion: 6
  m_Component:
  - component: {fileID: 1808911197614068951}
  m_Layer: 0
  m_Name: village
  m_TagString: Untagged
  m_Icon: {fileID: 0}
  m_NavMeshLayer: 0
  m_StaticEditorFlags: 0
  m_IsActive: 1
--- !u!4 &1808911197614068951
Transform:
  m_ObjectHideFlags: 0
  m_CorrespondingSourceObject: {fileID: 0}
  m_PrefabInstance: {fileID: 0}
  m_PrefabAsset: {fileID: 0}
  m_GameObject: {fileID: 4950706990021975576}
  m_LocalRotation: {x: 0, y: 0, z: 0, w: 1}
  m_LocalPosition: {x: -77.41, y: 0, z: -126.3}
  m_LocalScale: {x: 1, y: 1, z: 1}
  m_Children:
  - {fileID: 2270446244332952049}
  - {fileID: 407403149213138677}
  - {fileID: 8208038551234163651}
  - {fileID: 3937496991975106321}
  - {fileID: 4392735730714966537}
  - {fileID: 1852812064380711748}
  - {fileID: 8445321635689888306}
  - {fileID: 7257142380214494134}
  - {fileID: 2695796830084711247}
  - {fileID: 4317889503470388319}
  - {fileID: 8104748998917336973}
  - {fileID: 6500802256508191016}
  - {fileID: 237324418743321185}
  m_Father: {fileID: 0}
  m_RootOrder: 0
  m_LocalEulerAnglesHint: {x: 0, y: 0, z: 0}
--- !u!1 &6130062381260219747
GameObject:
  m_ObjectHideFlags: 0
  m_CorrespondingSourceObject: {fileID: 0}
  m_PrefabInstance: {fileID: 0}
  m_PrefabAsset: {fileID: 0}
  serializedVersion: 6
  m_Component:
  - component: {fileID: 8445321635689888306}
  - component: {fileID: 736594202737831839}
  m_Layer: 0
  m_Name: Point Light (1)
  m_TagString: Untagged
  m_Icon: {fileID: 0}
  m_NavMeshLayer: 0
  m_StaticEditorFlags: 0
  m_IsActive: 1
--- !u!4 &8445321635689888306
Transform:
  m_ObjectHideFlags: 0
  m_CorrespondingSourceObject: {fileID: 0}
  m_PrefabInstance: {fileID: 0}
  m_PrefabAsset: {fileID: 0}
  m_GameObject: {fileID: 6130062381260219747}
  m_LocalRotation: {x: -0, y: -0, z: -0, w: 1}
  m_LocalPosition: {x: -5.66, y: 5.17, z: -14.5}
  m_LocalScale: {x: 1, y: 1, z: 1}
  m_Children: []
  m_Father: {fileID: 1808911197614068951}
  m_RootOrder: 6
  m_LocalEulerAnglesHint: {x: 0, y: 0, z: 0}
--- !u!108 &736594202737831839
Light:
  m_ObjectHideFlags: 0
  m_CorrespondingSourceObject: {fileID: 0}
  m_PrefabInstance: {fileID: 0}
  m_PrefabAsset: {fileID: 0}
  m_GameObject: {fileID: 6130062381260219747}
  m_Enabled: 1
  serializedVersion: 10
  m_Type: 2
  m_Shape: 0
  m_Color: {r: 1, g: 0.95686275, b: 0.8392157, a: 1}
  m_Intensity: 25
  m_Range: 15
  m_SpotAngle: 30
  m_InnerSpotAngle: 21.80208
  m_CookieSize: 10
  m_Shadows:
    m_Type: 2
    m_Resolution: -1
    m_CustomResolution: -1
    m_Strength: 1
    m_Bias: 0.02
    m_NormalBias: 0.1
    m_NearPlane: 0.1
    m_CullingMatrixOverride:
      e00: 1
      e01: 0
      e02: 0
      e03: 0
      e10: 0
      e11: 1
      e12: 0
      e13: 0
      e20: 0
      e21: 0
      e22: 1
      e23: 0
      e30: 0
      e31: 0
      e32: 0
      e33: 1
    m_UseCullingMatrixOverride: 0
  m_Cookie: {fileID: 0}
  m_DrawHalo: 0
  m_Flare: {fileID: 0}
  m_RenderMode: 1
  m_CullingMask:
    serializedVersion: 2
    m_Bits: 4294967295
  m_RenderingLayerMask: 1
  m_Lightmapping: 2
  m_LightShadowCasterMode: 0
  m_AreaSize: {x: 1, y: 1}
  m_BounceIntensity: 1
  m_ColorTemperature: 6570
  m_UseColorTemperature: 0
  m_BoundingSphereOverride: {x: 0, y: 0, z: 0, w: 0}
  m_UseBoundingSphereOverride: 0
  m_ShadowRadius: 0
  m_ShadowAngle: 0
--- !u!1001 &18659165246778756
PrefabInstance:
  m_ObjectHideFlags: 0
  serializedVersion: 2
  m_Modification:
    m_TransformParent: {fileID: 1808911197614068951}
    m_Modifications:
    - target: {fileID: 2712816412208023041, guid: 876c793627f9c5c41ac08a69e16ab635, type: 3}
      propertyPath: m_ConnectedAnchor.x
      value: 0.50000405
      objectReference: {fileID: 0}
    - target: {fileID: 2712816412208023041, guid: 876c793627f9c5c41ac08a69e16ab635, type: 3}
      propertyPath: m_ConnectedAnchor.y
      value: 0.90000004
      objectReference: {fileID: 0}
    - target: {fileID: 2712816412208023041, guid: 876c793627f9c5c41ac08a69e16ab635, type: 3}
      propertyPath: m_ConnectedAnchor.z
      value: -0.0000010443856
      objectReference: {fileID: 0}
    - target: {fileID: 3955997543934888597, guid: 876c793627f9c5c41ac08a69e16ab635, type: 3}
      propertyPath: m_RootOrder
      value: 3
      objectReference: {fileID: 0}
    - target: {fileID: 3955997543934888597, guid: 876c793627f9c5c41ac08a69e16ab635, type: 3}
      propertyPath: m_LocalScale.x
      value: 1.4999999
      objectReference: {fileID: 0}
    - target: {fileID: 3955997543934888597, guid: 876c793627f9c5c41ac08a69e16ab635, type: 3}
      propertyPath: m_LocalScale.z
      value: 1.4999999
      objectReference: {fileID: 0}
    - target: {fileID: 3955997543934888597, guid: 876c793627f9c5c41ac08a69e16ab635, type: 3}
      propertyPath: m_LocalPosition.x
      value: -52.289993
      objectReference: {fileID: 0}
    - target: {fileID: 3955997543934888597, guid: 876c793627f9c5c41ac08a69e16ab635, type: 3}
      propertyPath: m_LocalPosition.y
      value: 1.2310698
      objectReference: {fileID: 0}
    - target: {fileID: 3955997543934888597, guid: 876c793627f9c5c41ac08a69e16ab635, type: 3}
      propertyPath: m_LocalPosition.z
      value: -10.839996
      objectReference: {fileID: 0}
    - target: {fileID: 3955997543934888597, guid: 876c793627f9c5c41ac08a69e16ab635, type: 3}
      propertyPath: m_LocalRotation.w
      value: 0.9903957
      objectReference: {fileID: 0}
    - target: {fileID: 3955997543934888597, guid: 876c793627f9c5c41ac08a69e16ab635, type: 3}
      propertyPath: m_LocalRotation.x
      value: -0
      objectReference: {fileID: 0}
    - target: {fileID: 3955997543934888597, guid: 876c793627f9c5c41ac08a69e16ab635, type: 3}
      propertyPath: m_LocalRotation.y
      value: 0.13826174
      objectReference: {fileID: 0}
    - target: {fileID: 3955997543934888597, guid: 876c793627f9c5c41ac08a69e16ab635, type: 3}
      propertyPath: m_LocalRotation.z
      value: -0
      objectReference: {fileID: 0}
    - target: {fileID: 3955997543934888597, guid: 876c793627f9c5c41ac08a69e16ab635, type: 3}
      propertyPath: m_LocalEulerAnglesHint.x
      value: 0
      objectReference: {fileID: 0}
    - target: {fileID: 3955997543934888597, guid: 876c793627f9c5c41ac08a69e16ab635, type: 3}
      propertyPath: m_LocalEulerAnglesHint.y
      value: 15.895
      objectReference: {fileID: 0}
    - target: {fileID: 3955997543934888597, guid: 876c793627f9c5c41ac08a69e16ab635, type: 3}
      propertyPath: m_LocalEulerAnglesHint.z
      value: 0
      objectReference: {fileID: 0}
    - target: {fileID: 4444303390087761967, guid: 876c793627f9c5c41ac08a69e16ab635, type: 3}
      propertyPath: m_Name
      value: Huis5 (6)
      objectReference: {fileID: 0}
    m_RemovedComponents: []
  m_SourcePrefab: {fileID: 100100000, guid: 876c793627f9c5c41ac08a69e16ab635, type: 3}
--- !u!4 &3937496991975106321 stripped
Transform:
  m_CorrespondingSourceObject: {fileID: 3955997543934888597, guid: 876c793627f9c5c41ac08a69e16ab635, type: 3}
  m_PrefabInstance: {fileID: 18659165246778756}
  m_PrefabAsset: {fileID: 0}
--- !u!1001 &2201258647430485794
PrefabInstance:
  m_ObjectHideFlags: 0
  serializedVersion: 2
  m_Modification:
    m_TransformParent: {fileID: 1808911197614068951}
    m_Modifications:
    - target: {fileID: 1180157225102013293, guid: e62e413ae5b7b1d48bab55897418bf4e, type: 3}
      propertyPath: m_Name
      value: Huis1 (10)
      objectReference: {fileID: 0}
    - target: {fileID: 1957678335028931031, guid: e62e413ae5b7b1d48bab55897418bf4e, type: 3}
      propertyPath: m_RootOrder
      value: 1
      objectReference: {fileID: 0}
    - target: {fileID: 1957678335028931031, guid: e62e413ae5b7b1d48bab55897418bf4e, type: 3}
      propertyPath: m_LocalPosition.x
      value: 85.25
      objectReference: {fileID: 0}
    - target: {fileID: 1957678335028931031, guid: e62e413ae5b7b1d48bab55897418bf4e, type: 3}
      propertyPath: m_LocalPosition.y
      value: 0.7
      objectReference: {fileID: 0}
    - target: {fileID: 1957678335028931031, guid: e62e413ae5b7b1d48bab55897418bf4e, type: 3}
      propertyPath: m_LocalPosition.z
      value: -36.789993
      objectReference: {fileID: 0}
    - target: {fileID: 1957678335028931031, guid: e62e413ae5b7b1d48bab55897418bf4e, type: 3}
      propertyPath: m_LocalRotation.w
      value: 0.9448951
      objectReference: {fileID: 0}
    - target: {fileID: 1957678335028931031, guid: e62e413ae5b7b1d48bab55897418bf4e, type: 3}
      propertyPath: m_LocalRotation.x
      value: -0
      objectReference: {fileID: 0}
    - target: {fileID: 1957678335028931031, guid: e62e413ae5b7b1d48bab55897418bf4e, type: 3}
      propertyPath: m_LocalRotation.y
      value: -0.32737342
      objectReference: {fileID: 0}
    - target: {fileID: 1957678335028931031, guid: e62e413ae5b7b1d48bab55897418bf4e, type: 3}
      propertyPath: m_LocalRotation.z
      value: -0
      objectReference: {fileID: 0}
    - target: {fileID: 1957678335028931031, guid: e62e413ae5b7b1d48bab55897418bf4e, type: 3}
      propertyPath: m_LocalEulerAnglesHint.x
      value: 0
      objectReference: {fileID: 0}
    - target: {fileID: 1957678335028931031, guid: e62e413ae5b7b1d48bab55897418bf4e, type: 3}
      propertyPath: m_LocalEulerAnglesHint.y
      value: -38.219
      objectReference: {fileID: 0}
    - target: {fileID: 1957678335028931031, guid: e62e413ae5b7b1d48bab55897418bf4e, type: 3}
      propertyPath: m_LocalEulerAnglesHint.z
      value: 0
      objectReference: {fileID: 0}
    - target: {fileID: 3720927879416346279, guid: e62e413ae5b7b1d48bab55897418bf4e, type: 3}
      propertyPath: m_ConnectedAnchor.x
      value: 0.49999487
      objectReference: {fileID: 0}
    - target: {fileID: 3720927879416346279, guid: e62e413ae5b7b1d48bab55897418bf4e, type: 3}
      propertyPath: m_ConnectedAnchor.y
      value: 0.89999986
      objectReference: {fileID: 0}
    - target: {fileID: 3720927879416346279, guid: e62e413ae5b7b1d48bab55897418bf4e, type: 3}
      propertyPath: m_ConnectedAnchor.z
      value: 0.00000012516978
      objectReference: {fileID: 0}
    m_RemovedComponents: []
  m_SourcePrefab: {fileID: 100100000, guid: e62e413ae5b7b1d48bab55897418bf4e, type: 3}
--- !u!4 &407403149213138677 stripped
Transform:
  m_CorrespondingSourceObject: {fileID: 1957678335028931031, guid: e62e413ae5b7b1d48bab55897418bf4e, type: 3}
  m_PrefabInstance: {fileID: 2201258647430485794}
  m_PrefabAsset: {fileID: 0}
--- !u!1001 &4761506392983163548
PrefabInstance:
  m_ObjectHideFlags: 0
  serializedVersion: 2
  m_Modification:
    m_TransformParent: {fileID: 1808911197614068951}
    m_Modifications:
    - target: {fileID: 6259346724975202775, guid: 6c5cf1ddccd19cb41bef35cfaba3eb5e, type: 3}
      propertyPath: m_Name
      value: Huis2 (2)
      objectReference: {fileID: 0}
    - target: {fileID: 6743711642360908653, guid: 6c5cf1ddccd19cb41bef35cfaba3eb5e, type: 3}
      propertyPath: m_RootOrder
      value: 0
      objectReference: {fileID: 0}
    - target: {fileID: 6743711642360908653, guid: 6c5cf1ddccd19cb41bef35cfaba3eb5e, type: 3}
      propertyPath: m_LocalPosition.x
      value: -7.098984
      objectReference: {fileID: 0}
    - target: {fileID: 6743711642360908653, guid: 6c5cf1ddccd19cb41bef35cfaba3eb5e, type: 3}
      propertyPath: m_LocalPosition.y
      value: 1.05
      objectReference: {fileID: 0}
    - target: {fileID: 6743711642360908653, guid: 6c5cf1ddccd19cb41bef35cfaba3eb5e, type: 3}
      propertyPath: m_LocalPosition.z
      value: 17.575027
      objectReference: {fileID: 0}
    - target: {fileID: 6743711642360908653, guid: 6c5cf1ddccd19cb41bef35cfaba3eb5e, type: 3}
      propertyPath: m_LocalRotation.w
      value: 0.9980629
      objectReference: {fileID: 0}
    - target: {fileID: 6743711642360908653, guid: 6c5cf1ddccd19cb41bef35cfaba3eb5e, type: 3}
      propertyPath: m_LocalRotation.x
      value: -0
      objectReference: {fileID: 0}
    - target: {fileID: 6743711642360908653, guid: 6c5cf1ddccd19cb41bef35cfaba3eb5e, type: 3}
      propertyPath: m_LocalRotation.y
      value: 0.06221298
      objectReference: {fileID: 0}
    - target: {fileID: 6743711642360908653, guid: 6c5cf1ddccd19cb41bef35cfaba3eb5e, type: 3}
      propertyPath: m_LocalRotation.z
      value: -0
      objectReference: {fileID: 0}
    - target: {fileID: 6743711642360908653, guid: 6c5cf1ddccd19cb41bef35cfaba3eb5e, type: 3}
      propertyPath: m_LocalEulerAnglesHint.x
      value: 0
      objectReference: {fileID: 0}
    - target: {fileID: 6743711642360908653, guid: 6c5cf1ddccd19cb41bef35cfaba3eb5e, type: 3}
      propertyPath: m_LocalEulerAnglesHint.y
      value: 7.134
      objectReference: {fileID: 0}
    - target: {fileID: 6743711642360908653, guid: 6c5cf1ddccd19cb41bef35cfaba3eb5e, type: 3}
      propertyPath: m_LocalEulerAnglesHint.z
      value: 0
      objectReference: {fileID: 0}
    - target: {fileID: 8085315658346994611, guid: 6c5cf1ddccd19cb41bef35cfaba3eb5e, type: 3}
      propertyPath: m_ConnectedAnchor.x
      value: 0.49999896
      objectReference: {fileID: 0}
    - target: {fileID: 8085315658346994611, guid: 6c5cf1ddccd19cb41bef35cfaba3eb5e, type: 3}
      propertyPath: m_ConnectedAnchor.z
      value: 0.0000028789048
      objectReference: {fileID: 0}
    m_RemovedComponents: []
  m_SourcePrefab: {fileID: 100100000, guid: 6c5cf1ddccd19cb41bef35cfaba3eb5e, type: 3}
--- !u!4 &2270446244332952049 stripped
Transform:
  m_CorrespondingSourceObject: {fileID: 6743711642360908653, guid: 6c5cf1ddccd19cb41bef35cfaba3eb5e, type: 3}
  m_PrefabInstance: {fileID: 4761506392983163548}
  m_PrefabAsset: {fileID: 0}
--- !u!1001 &6488286678170183732
PrefabInstance:
  m_ObjectHideFlags: 0
  serializedVersion: 2
  m_Modification:
    m_TransformParent: {fileID: 1808911197614068951}
    m_Modifications:
    - target: {fileID: 2353158726389449037, guid: f6b4e57dc26e0f14f928d64d821ade8a, type: 3}
      propertyPath: m_Name
      value: Huis4 (5)
      objectReference: {fileID: 0}
    - target: {fileID: 3162593226192165879, guid: f6b4e57dc26e0f14f928d64d821ade8a, type: 3}
      propertyPath: m_RootOrder
      value: 2
      objectReference: {fileID: 0}
    - target: {fileID: 3162593226192165879, guid: f6b4e57dc26e0f14f928d64d821ade8a, type: 3}
      propertyPath: m_LocalPosition.x
      value: 28.430004
      objectReference: {fileID: 0}
    - target: {fileID: 3162593226192165879, guid: f6b4e57dc26e0f14f928d64d821ade8a, type: 3}
      propertyPath: m_LocalPosition.y
      value: 2.1
      objectReference: {fileID: 0}
    - target: {fileID: 3162593226192165879, guid: f6b4e57dc26e0f14f928d64d821ade8a, type: 3}
      propertyPath: m_LocalPosition.z
      value: -32.929993
      objectReference: {fileID: 0}
    - target: {fileID: 3162593226192165879, guid: f6b4e57dc26e0f14f928d64d821ade8a, type: 3}
      propertyPath: m_LocalRotation.w
      value: 0.8177769
      objectReference: {fileID: 0}
    - target: {fileID: 3162593226192165879, guid: f6b4e57dc26e0f14f928d64d821ade8a, type: 3}
      propertyPath: m_LocalRotation.x
      value: -0
      objectReference: {fileID: 0}
    - target: {fileID: 3162593226192165879, guid: f6b4e57dc26e0f14f928d64d821ade8a, type: 3}
      propertyPath: m_LocalRotation.y
      value: -0.5755354
      objectReference: {fileID: 0}
    - target: {fileID: 3162593226192165879, guid: f6b4e57dc26e0f14f928d64d821ade8a, type: 3}
      propertyPath: m_LocalRotation.z
      value: -0
      objectReference: {fileID: 0}
    - target: {fileID: 3162593226192165879, guid: f6b4e57dc26e0f14f928d64d821ade8a, type: 3}
      propertyPath: m_LocalEulerAnglesHint.x
      value: 0
      objectReference: {fileID: 0}
    - target: {fileID: 3162593226192165879, guid: f6b4e57dc26e0f14f928d64d821ade8a, type: 3}
      propertyPath: m_LocalEulerAnglesHint.y
      value: -70.274
      objectReference: {fileID: 0}
    - target: {fileID: 3162593226192165879, guid: f6b4e57dc26e0f14f928d64d821ade8a, type: 3}
      propertyPath: m_LocalEulerAnglesHint.z
      value: 0
      objectReference: {fileID: 0}
    - target: {fileID: 4338089742283055785, guid: f6b4e57dc26e0f14f928d64d821ade8a, type: 3}
      propertyPath: m_ConnectedAnchor.x
      value: 0.5000066
      objectReference: {fileID: 0}
    - target: {fileID: 4338089742283055785, guid: f6b4e57dc26e0f14f928d64d821ade8a, type: 3}
      propertyPath: m_ConnectedAnchor.z
      value: 0.000003592397
      objectReference: {fileID: 0}
    m_RemovedComponents: []
  m_SourcePrefab: {fileID: 100100000, guid: f6b4e57dc26e0f14f928d64d821ade8a, type: 3}
--- !u!4 &8208038551234163651 stripped
Transform:
  m_CorrespondingSourceObject: {fileID: 3162593226192165879, guid: f6b4e57dc26e0f14f928d64d821ade8a, type: 3}
  m_PrefabInstance: {fileID: 6488286678170183732}
  m_PrefabAsset: {fileID: 0}
--- !u!1001 &8533481867586271354
PrefabInstance:
  m_ObjectHideFlags: 0
  serializedVersion: 2
  m_Modification:
    m_TransformParent: {fileID: 1808911197614068951}
    m_Modifications:
    - target: {fileID: 4742560856769386697, guid: e3b2dd14dd0716b4c9acffa0216316fd, type: 3}
      propertyPath: m_Name
      value: Huis3 (7)
      objectReference: {fileID: 0}
    - target: {fileID: 5375931624042594931, guid: e3b2dd14dd0716b4c9acffa0216316fd, type: 3}
      propertyPath: m_RootOrder
      value: 4
      objectReference: {fileID: 0}
    - target: {fileID: 5375931624042594931, guid: e3b2dd14dd0716b4c9acffa0216316fd, type: 3}
      propertyPath: m_LocalPosition.x
      value: -21.689995
      objectReference: {fileID: 0}
    - target: {fileID: 5375931624042594931, guid: e3b2dd14dd0716b4c9acffa0216316fd, type: 3}
      propertyPath: m_LocalPosition.y
      value: 0.28999984
      objectReference: {fileID: 0}
    - target: {fileID: 5375931624042594931, guid: e3b2dd14dd0716b4c9acffa0216316fd, type: 3}
      propertyPath: m_LocalPosition.z
      value: 0.20000458
      objectReference: {fileID: 0}
    - target: {fileID: 5375931624042594931, guid: e3b2dd14dd0716b4c9acffa0216316fd, type: 3}
      propertyPath: m_LocalRotation.w
      value: 0.053483576
      objectReference: {fileID: 0}
    - target: {fileID: 5375931624042594931, guid: e3b2dd14dd0716b4c9acffa0216316fd, type: 3}
      propertyPath: m_LocalRotation.x
      value: -0
      objectReference: {fileID: 0}
    - target: {fileID: 5375931624042594931, guid: e3b2dd14dd0716b4c9acffa0216316fd, type: 3}
      propertyPath: m_LocalRotation.y
      value: -0.9985688
      objectReference: {fileID: 0}
    - target: {fileID: 5375931624042594931, guid: e3b2dd14dd0716b4c9acffa0216316fd, type: 3}
      propertyPath: m_LocalRotation.z
      value: -0
      objectReference: {fileID: 0}
    - target: {fileID: 5375931624042594931, guid: e3b2dd14dd0716b4c9acffa0216316fd, type: 3}
      propertyPath: m_LocalEulerAnglesHint.x
      value: 0
      objectReference: {fileID: 0}
    - target: {fileID: 5375931624042594931, guid: e3b2dd14dd0716b4c9acffa0216316fd, type: 3}
      propertyPath: m_LocalEulerAnglesHint.y
      value: -173.868
      objectReference: {fileID: 0}
    - target: {fileID: 5375931624042594931, guid: e3b2dd14dd0716b4c9acffa0216316fd, type: 3}
      propertyPath: m_LocalEulerAnglesHint.z
      value: 0
      objectReference: {fileID: 0}
    - target: {fileID: 8260061318469908701, guid: e3b2dd14dd0716b4c9acffa0216316fd, type: 3}
      propertyPath: m_ConnectedAnchor.x
      value: 0.49999943
      objectReference: {fileID: 0}
    - target: {fileID: 8260061318469908701, guid: e3b2dd14dd0716b4c9acffa0216316fd, type: 3}
      propertyPath: m_ConnectedAnchor.y
      value: 0.90000004
      objectReference: {fileID: 0}
    - target: {fileID: 8260061318469908701, guid: e3b2dd14dd0716b4c9acffa0216316fd, type: 3}
      propertyPath: m_ConnectedAnchor.z
      value: 0.000006967784
      objectReference: {fileID: 0}
    m_RemovedComponents: []
  m_SourcePrefab: {fileID: 100100000, guid: e3b2dd14dd0716b4c9acffa0216316fd, type: 3}
--- !u!4 &4392735730714966537 stripped
Transform:
  m_CorrespondingSourceObject: {fileID: 5375931624042594931, guid: e3b2dd14dd0716b4c9acffa0216316fd, type: 3}
  m_PrefabInstance: {fileID: 8533481867586271354}
  m_PrefabAsset: {fileID: 0}
--- !u!1001 &9087178636105775755
PrefabInstance:
  m_ObjectHideFlags: 0
  serializedVersion: 2
  m_Modification:
    m_TransformParent: {fileID: 1808911197614068951}
    m_Modifications:
    - target: {fileID: 8510907414517834320, guid: 674c2d519cbef6c4694eb6a8148348a0, type: 3}
      propertyPath: m_Name
      value: _adioTower (2)
      objectReference: {fileID: 0}
    - target: {fileID: 9031689364356380906, guid: 674c2d519cbef6c4694eb6a8148348a0, type: 3}
      propertyPath: m_RootOrder
      value: 12
      objectReference: {fileID: 0}
    - target: {fileID: 9031689364356380906, guid: 674c2d519cbef6c4694eb6a8148348a0, type: 3}
      propertyPath: m_LocalPosition.x
      value: 1.06
      objectReference: {fileID: 0}
    - target: {fileID: 9031689364356380906, guid: 674c2d519cbef6c4694eb6a8148348a0, type: 3}
      propertyPath: m_LocalPosition.y
      value: -0.7
      objectReference: {fileID: 0}
    - target: {fileID: 9031689364356380906, guid: 674c2d519cbef6c4694eb6a8148348a0, type: 3}
      propertyPath: m_LocalPosition.z
      value: -4.746002
      objectReference: {fileID: 0}
    - target: {fileID: 9031689364356380906, guid: 674c2d519cbef6c4694eb6a8148348a0, type: 3}
      propertyPath: m_LocalRotation.w
      value: 1
      objectReference: {fileID: 0}
    - target: {fileID: 9031689364356380906, guid: 674c2d519cbef6c4694eb6a8148348a0, type: 3}
      propertyPath: m_LocalRotation.x
      value: -0
      objectReference: {fileID: 0}
    - target: {fileID: 9031689364356380906, guid: 674c2d519cbef6c4694eb6a8148348a0, type: 3}
      propertyPath: m_LocalRotation.y
      value: -0
      objectReference: {fileID: 0}
    - target: {fileID: 9031689364356380906, guid: 674c2d519cbef6c4694eb6a8148348a0, type: 3}
      propertyPath: m_LocalRotation.z
      value: -0
      objectReference: {fileID: 0}
    - target: {fileID: 9031689364356380906, guid: 674c2d519cbef6c4694eb6a8148348a0, type: 3}
      propertyPath: m_LocalEulerAnglesHint.x
      value: 0
      objectReference: {fileID: 0}
    - target: {fileID: 9031689364356380906, guid: 674c2d519cbef6c4694eb6a8148348a0, type: 3}
      propertyPath: m_LocalEulerAnglesHint.y
      value: 0
      objectReference: {fileID: 0}
    - target: {fileID: 9031689364356380906, guid: 674c2d519cbef6c4694eb6a8148348a0, type: 3}
      propertyPath: m_LocalEulerAnglesHint.z
      value: 0
      objectReference: {fileID: 0}
    m_RemovedComponents: []
  m_SourcePrefab: {fileID: 100100000, guid: 674c2d519cbef6c4694eb6a8148348a0, type: 3}
--- !u!4 &237324418743321185 stripped
Transform:
  m_CorrespondingSourceObject: {fileID: 9031689364356380906, guid: 674c2d519cbef6c4694eb6a8148348a0, type: 3}
  m_PrefabInstance: {fileID: 9087178636105775755}
  m_PrefabAsset: {fileID: 0}
